@article{hamilton2023probing,
  title={Probing multipartite entanglement through persistent homology},
  author={Hamilton, Gregory A and Leditzky, Felix},
  journal={arXiv preprint arXiv:2307.07492},
  year={2023}
}
@article{nadathur2007introduction,
  title={An introduction to homology},
  author={Nadathur, Prerna},
  journal={University of Chicago},
  year={2007}
}
@article{RevModPhys.91.025001,
  title = {Quantum resource theories},
  author = {Chitambar, Eric and Gour, Gilad},
  journal = {Rev. Mod. Phys.},
  volume = {91},
  issue = {2},
  pages = {025001},
  numpages = {48},
  year = {2019},
  month = {Apr},
  publisher = {American Physical Society},
  doi = {10.1103/RevModPhys.91.025001},
  url = {https://link.aps.org/doi/10.1103/RevModPhys.91.025001}
}
@incollection{hein2006entanglement,
  title={Entanglement in graph states and its applications},
  author={Hein, Marc and D{\"u}r, Wolfgang and Eisert, Jens and Raussendorf, Robert and Van den Nest, Maarten and Briegel, H-J},
  booktitle={Quantum computers, algorithms and chaos},
  pages={115--218},
  year={2006},
  publisher={IOS Press}
}
@article{guhne2009entanglement,
  title={Entanglement detection},
  author={G{\"u}hne, Otfried and T{\'o}th, G{\'e}za},
  journal={Physics Reports},
  volume={474},
  number={1-6},
  pages={1--75},
  year={2009},
  publisher={Elsevier}
}
@article{bennett1996purification,
  title={Purification of noisy entanglement and faithful teleportation via noisy channels},
  author={Bennett, Charles H and Brassard, Gilles and Popescu, Sandu and Schumacher, Benjamin and Smolin, John A and Wootters, William K},
  journal={Physical review letters},
  volume={76},
  number={5},
  pages={722},
  year={1996},
  publisher={APS}
}

@book{hage1996island,
  title={Island networks: Communication, kinship, and classification structures in Oceania},
  author={Hage, Per and Harary, Frank},
  number={11},
  year={1996},
  publisher={Cambridge University Press}
}

@book{Hatcher:478079,
      author        = "Hatcher, Allen",
      title         = "{Algebraic topology}",
      publisher     = "Cambridge Univ. Press",
      address       = "Cambridge",
      year          = "2002"
}

@article{nielsen2006,
   title={Cluster-state quantum computation},
   volume={57},
   ISSN={0034-4877},
   url={http://dx.doi.org/10.1016/S0034-4877(06)80014-5},
   DOI={10.1016/s0034-4877(06)80014-5},
   number={1},
   journal={Reports on Mathematical Physics},
   publisher={Elsevier BV},
   author={Nielsen, Michael A.},
   year={2006},
   month=feb, pages={147–161} 
}

@article{bennet_distillation,
  title = {Mixed-state entanglement and quantum error correction},
  author = {Bennett, Charles H. and DiVincenzo, David P. and Smolin, John A. and Wootters, William K.},
  journal = {Phys. Rev. A},
  volume = {54},
  issue = {5},
  pages = {3824--3851},
  numpages = {0},
  year = {1996},
  month = {Nov},
  publisher = {American Physical Society},
  doi = {10.1103/PhysRevA.54.3824},
  url = {https://link.aps.org/doi/10.1103/PhysRevA.54.3824}
}

@misc{horodecki2024multipartiteentanglement,
      title={Multipartite entanglement}, 
      author={Pawel Horodecki and Łukasz Rudnicki and Karol Życzkowski},
      year={2024},
      eprint={2409.04566},
      archivePrefix={arXiv},
      primaryClass={quant-ph},
      url={https://arxiv.org/abs/2409.04566}, 
}

@article{cerf1998information,
  title={Information theory of quantum entanglement and measurement},
  author={Cerf, Nicolas J and Adami, Chris},
  journal={Physica D: Nonlinear Phenomena},
  volume={120},
  number={1-2},
  pages={62--81},
  year={1998},
  publisher={Elsevier}
}

@article{wintercorrelations,
  title = {Quantum, classical, and total amount of correlations in a quantum state},
  author = {Groisman, Berry and Popescu, Sandu and Winter, Andreas},
  journal = {Phys. Rev. A},
  volume = {72},
  issue = {3},
  pages = {032317},
  numpages = {11},
  year = {2005},
  month = {Sep},
  publisher = {American Physical Society},
  doi = {10.1103/PhysRevA.72.032317},
  url = {https://link.aps.org/doi/10.1103/PhysRevA.72.032317}
}

@article{vderal1998relativeentropy,
  title = {Entanglement measures and purification procedures},
  author = {Vedral, V. and Plenio, M. B.},
  journal = {Phys. Rev. A},
  volume = {57},
  issue = {3},
  pages = {1619--1633},
  numpages = {0},
  year = {1998},
  month = {Mar},
  publisher = {American Physical Society},
  doi = {10.1103/PhysRevA.57.1619},
  url = {https://link.aps.org/doi/10.1103/PhysRevA.57.1619}
}

@article{vedral2002relativeentropy,
  title = {The role of relative entropy in quantum information theory},
  author = {Vedral, V.},
  journal = {Rev. Mod. Phys.},
  volume = {74},
  issue = {1},
  pages = {197--234},
  numpages = {0},
  year = {2002},
  month = {Mar},
  publisher = {American Physical Society},
  doi = {10.1103/RevModPhys.74.197},
  url = {https://link.aps.org/doi/10.1103/RevModPhys.74.197}
}

@article{dataprocessingnielsen,
  title = {Quantum data processing and error correction},
  author = {Schumacher, Benjamin and Nielsen, M. A.},
  journal = {Phys. Rev. A},
  volume = {54},
  issue = {4},
  pages = {2629--2635},
  numpages = {0},
  year = {1996},
  month = {Oct},
  publisher = {American Physical Society},
  doi = {10.1103/PhysRevA.54.2629},
  url = {https://link.aps.org/doi/10.1103/PhysRevA.54.2629}
}

@book{watrous2018theory,
  title={The Theory of Quantum Information},
  author={Watrous, J.},
  isbn={9781107180567},
  lccn={2018300971},
  url={https://books.google.ca/books?id=GRNSDwAAQBAJ},
  year={2018},
  publisher={Cambridge University Press}
}

@article{Scott_k-uniform,
  title = {Multipartite entanglement, quantum-error-correcting codes, and entangling power of quantum evolutions},
  author = {Scott, A. J.},
  journal = {Phys. Rev. A},
  volume = {69},
  issue = {5},
  pages = {052330},
  numpages = {10},
  year = {2004},
  month = {May},
  publisher = {American Physical Society},
  doi = {10.1103/PhysRevA.69.052330},
  url = {https://link.aps.org/doi/10.1103/PhysRevA.69.052330}
}

@article{meyer2001global,
  title={Global entanglement in multiparticle systems},
  author={Meyer, David A and Wallach, Nolan R},
  journal={arXiv preprint quant-ph/0108104},
  year={2001}
}

@article{Cerf_k-MM,
  title = {Exploring pure quantum states with maximally mixed reductions},
  author = {Arnaud, Ludovic and Cerf, Nicolas J.},
  journal = {Phys. Rev. A},
  volume = {87},
  issue = {1},
  pages = {012319},
  numpages = {9},
  year = {2013},
  month = {Jan},
  publisher = {American Physical Society},
  doi = {10.1103/PhysRevA.87.012319},
  url = {https://link.aps.org/doi/10.1103/PhysRevA.87.012319}
}

@article{MoorNormal_form,
  title = {Normal forms and entanglement measures for multipartite quantum states},
  author = {Verstraete, Frank and Dehaene, Jeroen and De Moor, Bart},
  journal = {Phys. Rev. A},
  volume = {68},
  issue = {1},
  pages = {012103},
  numpages = {7},
  year = {2003},
  month = {Jul},
  publisher = {American Physical Society},
  doi = {10.1103/PhysRevA.68.012103},
  url = {https://link.aps.org/doi/10.1103/PhysRevA.68.012103}
}

@article{Kraus_LU_Equivalence,
  title = {Local Unitary Equivalence of Multipartite Pure States},
  author = {Kraus, B.},
  journal = {Phys. Rev. Lett.},
  volume = {104},
  issue = {2},
  pages = {020504},
  numpages = {4},
  year = {2010},
  month = {Jan},
  publisher = {American Physical Society},
  doi = {10.1103/PhysRevLett.104.020504},
  url = {https://link.aps.org/doi/10.1103/PhysRevLett.104.020504}
}

@article{Karol_k-uniform_construction,
  title = {Genuinely multipartite entangled states and orthogonal arrays},
  author = {Goyeneche, Dardo and \ifmmode \dot{Z}\else \.{Z}\fi{}yczkowski, Karol},
  journal = {Phys. Rev. A},
  volume = {90},
  issue = {2},
  pages = {022316},
  numpages = {18},
  year = {2014},
  month = {Aug},
  publisher = {American Physical Society},
  doi = {10.1103/PhysRevA.90.022316},
  url = {https://link.aps.org/doi/10.1103/PhysRevA.90.022316}
}

@article{preskill_holographic_codes,
author = {Pastawski, Fernando and Yoshida, Beni and Preskill, John and Harlow, Daniel},
year = {2015},
month = {06},
pages = {1-55},
title = {Holographic quantum error-correcting codes: toy models for the bulk/boundary correspondence},
volume = {2015},
journal = {Journal of High Energy Physics},
doi = {10.1007/JHEP06%282015%29149}
}

@PHDTHESIS{Helwig_AME,
       author = {{Helwig}, Wolfram},
        title = "{Multipartite Entanglement: Transformations, Quantum Secret Sharing, Quantum Error Correction}",
     keywords = {Physics, Theory;Physics, Quantum},
       school = {University of Toronto, Canada},
         year = 2014,
        month = jan,
       adsurl = {https://ui.adsabs.harvard.edu/abs/2014PhDT.......239H},
      adsnote = {Provided by the SAO/NASA Astrophysics Data System}
}

@article{Helwig:2013ckb,
    author = "Helwig, Wolfram and Cui, Wei",
    title = "{Absolutely Maximally Entangled States: Existence and Applications}",
    eprint = "1306.2536",
    archivePrefix = "arXiv",
    primaryClass = "quant-ph",
    month = "6",
    year = "2013"
}

@book{Nielsen_Chuang_2010, place={Cambridge},
title={Quantum Computation and Quantum Information: 10th Anniversary Edition},
publisher={Cambridge University Press},
author={Nielsen, Michael A. and Chuang, Isaac L.},
year={2010}}

@article{Walter_multipartite_entanglement,
    author = "Walter, Michael and Gross, David and Eisert, Jens",
    title = "{Multi-partite entanglement}",
    eprint = "1612.02437",
    archivePrefix = "arXiv",
    primaryClass = "quant-ph",
    month = "12",
    year = "2016"
}

@inproceedings{claudet2024covering,
  title={Covering a graph with minimal local sets},
  author={Claudet, Nathan and Perdrix, Simon},
  booktitle={International Workshop on Graph-Theoretic Concepts in Computer Science},
  pages={136--150},
  year={2024},
  organization={Springer}
}
